<record><leader>00000cas a22000007a 4500</leader><controlfield tag="001">9379722</controlfield><controlfield tag="008">830406d18871888ohuwr ne      0    0eng d</controlfield><controlfield tag="009">3783</controlfield><datafield ind1=" " ind2=" " tag="010"><subfield code="a">sn 83035051 </subfield></datafield><datafield ind1=" " ind2=" " tag="040"><subfield code="a">NPY</subfield><subfield code="b">eng</subfield><subfield code="c">NPY</subfield><subfield code="d">ONP</subfield><subfield code="d">OCL</subfield><subfield code="d">ONP</subfield><subfield code="d">UKMGB</subfield></datafield><datafield ind1="7" ind2=" " tag="016"><subfield code="a">010476683</subfield><subfield code="2">Uk</subfield></datafield><datafield ind1="1" ind2=" " tag="029"><subfield code="a">AU@</subfield><subfield code="b">000025837526</subfield></datafield><datafield ind1=" " ind2=" " tag="042"><subfield code="a">msc</subfield></datafield><datafield ind1="0" ind2="0" tag="245"><subfield code="a">Bedford bee.</subfield></datafield><datafield ind1=" " ind2=" " tag="260"><subfield code="a">Bedford, O. [Ohio] :</subfield><subfield code="b">C.P. Smith,</subfield><subfield code="c">1887-1888.</subfield></datafield><datafield ind1=" " ind2=" " tag="300"><subfield code="a">v.</subfield></datafield><datafield ind1=" " ind2=" " tag="310"><subfield code="a">Weekly</subfield></datafield><datafield ind1="0" ind2=" " tag="362"><subfield code="a">Vol. 1, no. 1 (Dec. 17, 1887)-v. 1, no. 28 (June 23, 1888).</subfield></datafield><datafield ind1="1" ind2=" " tag="700"><subfield code="a">Smith, Charles P.,</subfield><subfield code="d">1858-1930.</subfield></datafield><datafield ind1=" " ind2=" " tag="752"><subfield code="a">United States</subfield><subfield code="b">Ohio</subfield><subfield code="c">Cuyahoga</subfield><subfield code="d">Bedford.</subfield></datafield></record>